<?xml version="1.0" encoding="UTF-8"?><collection xmlns="http://www.loc.gov/MARC21/slim"><record><leader>00442nam--2200133-i-4500</leader><controlfield tag="001">000036128</controlfield><controlfield tag="002">20161230</controlfield><controlfield tag="005">20161230201040</controlfield><controlfield tag="008">060222s1000------------r-----000-0-eng-d</controlfield><datafield ind1=" " ind2=" " tag="080"><subfield code="a">62(038)=003=20=30</subfield></datafield><datafield ind1=" " ind2=" " tag="100"><subfield code="a">Naslin, P</subfield></datafield><datafield ind1=" " ind2=" " tag="245"><subfield code="a">Vocabulaire technique trilingue</subfield></datafield><datafield ind1=" " ind2=" " tag="260"><subfield code="a">Paris, Editions De La Revue D`Optique 1951. Xvii + 399p.  + 19 Glossaires Techniques Francais -anglais Allemand Suinis De 3 Repertoires Alfabetique</subfield></datafield><datafield ind1=" " ind2=" " tag="852"><subfield code="a">D.63</subfield></datafield></record></collection>